@misc{openttd,
    title = {{OpenTTD}: An open source simulator based on the classic game {Transport Tycoon Deluxe}},
    author={OpenTTD Team},
    howpublished="\url{https://www.openttd.org/}",
    year={2005--2023},
}
