@misc{openttd,
    title = {{OpenTTD}: An open source simulator based on the classic game {Transport Tycoon Deluxe}},
    author={OpenTTD Team},
    howpublished="\url{https://www.openttd.org/}",
    year={2005--2023},
}

@mastersthesis{HansenMuprhie2018,
    title="Teaching Concurrency in a Modern Manner, Flipped Classroom or Game-Based Learning",
    author="Hansen, Mattias and Murphie, Bobby",
    school="Malm√∂ University",
    address="Sweden",
    type={Bachelor's Thesis},
    year={2018},
    month={May}
}

@mastersthesis{wisniewski2011artificial,
  title={Artificial Intelligence for the {OpenTTD} Game},
  author={Wisniewski, Maciej and Witt, Carsten},
  school="Technical University of Denmark",
  address="Kongens Lyngby, Denmark",
  year={2011}
}

@inproceedings{rios2009trains,
  title={{trAIns}: An artificial inteligence for {OpenTTD}},
  author={Rios, Luis Henrique Oliveira and Chaimowicz, Luiz},
  booktitle={2009 VIII Brazilian Symposium on Games and Digital Entertainment},
  pages={52--63},
  year={2009},
  month={October},
  organization={IEEE},
  note={doi: 10.1109/SBGAMES.2009.15}
}

@mastersthesis{bijlsma2014evolving,
  title={Evolving dynamic {AI} opponents for {OpenTTD} using Dynamic Scripting and Grammatical Evolution},
  author={Bijlsma, Frank},
  school="Utrecht University",
  address="The Netherlands",
  year={2014}
}

@article{jiang2018mirroring,
  title={A mirroring architecture for sophisticated mobile games using computation-offloading},
  author={Jiang, M. H. and Visser, Otto W. and Prasetya, I. S. W. B. and Iosup, Alexandru},
  journal={Concurrency and Computation: Practice and Experience},
  volume={30},
  number={17},
  pages={e4494},
  year={2018},
  publisher={Wiley Online Library},
  note={doi: 10.1002/cpe.4494},
}

@article{plesser_reproducibility_2018,
	title = {Reproducibility vs. {Replicability}: {A} {Brief} {History} of a {Confused} {Terminology}},
	volume = {11},
	issn = {1662-5196},
	url = {https://www.frontiersin.org/articles/10.3389/fninf.2017.00076},
	doi = {10.3389/fninf.2017.00076},
	journal = {Frontiers in Neuroinformatics},
	author = {Plesser, Hans E.},
	year = {2018},
}

@techreport{association_for_computing_machiner_artifact_2020,
	title = {Artifact {Review} and {Badging} {Version} 1.1},
	url = {https://www.acm.org/publications/policies/artifact-review-and-badging-current},
	urldate = {2023-10-15},
	author = {{Association for Computing Machinery}},
	month = aug,
	year = {2020},
}

@techreport{association_for_computing_machiner_new_2020,
	title = {New {Changes} to {Badging} {Terminology}},
	url = {https://www.acm.org/publications/badging-terms},
	urldate = {2023-10-15},
	author = {{Association for Computing Machiner}},
	month = aug,
	year = {2020},
}

@inproceedings{raghothama2013review,
  title={A review of gaming simulation in transportation},
  author={Raghothama, Jayanth and Meijer, Sebastiaan A},
  booktitle={International Simulation and Gaming Association Conference},
  pages={237--244},
  year={2013},
  organization={Springer}
}

@inproceedings{dalle2012reproducibility,
  title={On reproducibility and traceability of simulations},
  author={Dalle, Olivier},
  booktitle={Proceedings of the 2012 winter simulation conference (WSC)},
  pages={1--12},
  year={2012},
  organization={IEEE}
}

@article{mayer2009gaming,
  title={The gaming of policy and the politics of gaming: A review},
  author={Mayer, Igor S},
  journal={Simulation \& gaming},
  volume={40},
  number={6},
  pages={825--862},
  year={2009},
  publisher={SAGE Publications Sage CA: Los Angeles, CA}
}

@article{jackson1959learning,
  title={Learning from experience in business decision games},
  author={Jackson, James R},
  journal={California Management Review},
  volume={1},
  number={2},
  pages={92--107},
  year={1959},
  publisher={SAGE Publications Sage CA: Los Angeles, CA}
}

@book{meijer2009organisation,
  title={The organisation of transactions: studying supply networkd using gaming simulation},
  author={Meijer, Sebastiaan},
  year={2009},
  publisher={Wageningen University and Research}
}

@article{cimellaro2016computational,
  title={Computational Tools and Software for Resilience Assessment},
  author={Cimellaro, Gian Paolo and Cimellaro, Gian Paolo},
  journal={Urban Resilience for Emergency Response and Recovery: Fundamental Concepts and Applications},
  pages={463--507},
  year={2016},
  publisher={Springer}
}

@article{monks2019strengthening,
  title={Strengthening the reporting of empirical simulation studies: Introducing the STRESS guidelines},
  author={Monks, Thomas and Currie, Christine SM and Onggo, Bhakti Stephan and Robinson, Stewart and Kunc, Martin and Taylor, Simon JE},
  journal={Journal of Simulation},
  volume={13},
  number={1},
  pages={55--67},
  year={2019},
  publisher={Taylor \& Francis}
}

@inproceedings{alderliesten2019maintrain,
  title={MainTrain: a serious game on the complexities of rail maintenance},
  author={Alderliesten, David and Vale{\v{c}}kait{\.e}, Kotryna and Salamon, Nestor Z and Timothy Balint, J and Bidarra, Rafael},
  booktitle={Games and Learning Alliance: 7th International Conference, GALA 2018, Palermo, Italy, December 5--7, 2018, Proceedings 7},
  pages={82--89},
  year={2019},
  organization={Springer}
}

@article{fenjiro2018deep,
  title={Deep reinforcement learning overview of the state of the art},
  author={Fenjiro, Youssef and Benbrahim, Houda},
  journal={Journal of Automation Mobile Robotics and Intelligent Systems},
  volume={12},
  number={3},
  pages={20--39},
  year={2018},
  publisher={Sie{\'c} Badawcza {\L}ukasiewicz-Przemys{\l}owy Instytut Automatyki i Pomiar{\'o}w}
}

@book{lai2004learning,
  title={Learning from the stones: A Go approach to Mastering China's strategic concept, Shi},
  author={Lai, David},
  year={2004},
  publisher={Strategic Studies Institute}
}